@book{dorst07,
	author		= "Leo Dorst and Daniel Fontijne and Stephen Mann",
	title		= "Geometric Algebra For Computer Science",
	year		= "2007",
	publisher	= "Morgan Kaufmann"
}

@book{hestenes87,
	author		= "David Hestenes",
	title 		= "New Foundations For Classical Machanics",
	year		= "1987",
	publisher	= "Kluwer Academic Publishing"
}