@article{Parkin12,
	author		= "S. Parkin",
	title		= "A Model For Quadric Surfaces Using Geometric Algebra",
	journal		= "Advances in Applied Clifford Algebras",
	volume		= "?",
	year		= "2012",
	pages		= "?-?"
}

@article{LiRockwood,
	author		= "L. Hongbo and D. Hestenes and A. Rockwood",
	title		= "Generalized Homogeneous Coordinates for Computational Geometry",
	journal		= "Geometric Computing with Clifford Algebra",
	volume		= "Volume 24., Berlin Heidelberg, Springer-Verlag",
	year		= "2001",
	pages		= "27-60"
}

@book{Dorst07,
	author		= "L. Dorst and D. Fontijne and S. Mann",
	title		= "Geometric Algebra For Computer Science",
	year		= "2007",
	publisher	= "Morgan Kaufmann"
}

@book{Pfister95,
	author		= "A. Pfister",
	title		= "Quadratic forms with applications to algebraic geometry and topology",
	year		= "1995",
	publisher	= "Cambridge University Press"
}

@misc{Langer08,
	author			= "M. Langer",
	howpublished	= "\url{http://www.cim.mcgill.ca/~langer/557/lecture8.pdf}"
	year			= "2008",
	title			= "Lecture 8"
}