@article{DoranHestenes93,
	author = "C. Doran and D. Hestenes",
	title = "Lie groups as spin groups",
	journal = "J. Math. Phys.",
	volume = "34",
	year = "1993",
	pages = "8"
}

@article{ZhiqiangXu05,
	author = "Z. Xu and X. Wang and X. Chen and J. Sun",
	title = "A Robust Algorithm for Finding the Real Intersections of Three Quadric Surfaces",
	journal = "Computer Aided Geometric Design",
	volume = "22, Issue 6, 1",
	year = "2005",
	pages = "515-530"
}

@article{Miller87,
	author = "J. Miller",
	title = "Geometric Approaches to Nonplanar Quadric Surface Intersection Curves",
	journal = "ACM Transactions on Graphics",
	volume = "Vol. 6, No. 4",
	date = "October 1987",
	pages = "pp. 274-307"
}

@misc{Birchfield98,
	author = "Stan Birchfield",
	title = "An Introduction to Projective Geometry",
	publishder = "Blah",
	howpublished = "\url{http://www.ces.clemson.edu/~stb/projective/projective.pdf}",
	%url = "http://www.ces.clemson.edu/~stb/projective/projective.pdf",
	%note = "http://www.ces.clemson.edu/~stb/projective/projective.pdf",
	year = "April 23, 1998",
}