@article{Parkin12,
	author = "S. Parkin",
	title = "A Model For Quadric Surfaces Using Geometric Algebra",
	journal = "Advances in Applied Clifford Algebras",
	volume = "?",
	year = "2012",
	pages = "?-?"
}

@article{Parkin12_intro,
	author = "S. Parkin",
	title = "An Introduction To Conformal Geometric Algebra",
	journal = "???",
	volume = "?",
	year = "2012",
	pages = "?-?"
}